@BOOK{Bison,
  title = 	 "Gnu Bison home page",
  year =         "2003",
  publisher =    "{\footnotesize\tt http://www.gnu.org/software/bison}",
}

@TECHREPORT{gramconv,
   author = "Adrian Johnstone",
   title = "{\tt gramconv}\,--\, a grammar conversion tool",
   institution = "Computer Science Department, Royal Holloway, University of London",
   number = "CG-TN-06-03",
   address = "London",
   month = aug,
   year = 2006,
}

